@book{WandM.P.MattP.1995Ks,
    title = {{Kernel smoothing}},
    year = {1995},
    author = {Wand, M.P. and Jones, M.C.},
    edition = {1st ed..},
    series = {Monographs on statistics and applied probability 60},
    publisher = {Chapman {\&} Hall},
    address = {London},
    isbn = {0412552701},
    keywords = {Kernel functions, Smoothing (Statistics)}
}

@book{book,
    title = {{Linear Regression Analysis: Assumptions and Applications}},
    year = {2015},
    author = {Hoffmann, John and Shafer, Kevin},
    isbn = {9780871014573}
}

@misc{Wikipedia,
    title = {{List of countries by electricity consumption - Wikipedia}},
    author = {{Wikipedia}},
    url = {https://en.wikipedia.org/wiki/List_of_countries_by_electricity_consumption}
}

@techreport{Alexander2016AOntario,
    title = {{A Comparison of GLM, GAM, and GWR Modeling of Fish Distribution and Abundance in Lake Ontario}},
    year = {2016},
    author = {Alexander, Robert Edward}
}

@article{McCulloch1943AActivity,
    title = {{A logical calculus of the ideas immanent in nervous activity}},
    year = {1943},
    journal = {The Bulletin of Mathematical Biophysics},
    author = {McCulloch, Warren S. and Pitts, Walter},
    number = {4},
    month = {12},
    pages = {115--133},
    volume = {5},
    publisher = {Kluwer Academic Publishers},
    url = {https://link-springer-com.ezproxy.auckland.ac.nz/article/10.1007/BF02478259},
    doi = {10.1007/BF02478259},
    issn = {00074985},
    keywords = {Cell Biology, Life Sciences, Mathematical and Computational Biology, general}
}

@article{Perperoglou2019AR,
    title = {{A review of spline function procedures in R}},
    year = {2019},
    journal = {BMC Medical Research Methodology},
    author = {Perperoglou, Aris and Sauerbrei, Willi and Abrahamowicz, Michal and Schmid, Matthias},
    number = {1},
    month = {12},
    pages = {46},
    volume = {19},
    publisher = {BioMed Central Ltd.},
    url = {https://bmcmedresmethodol.biomedcentral.com/articles/10.1186/s12874-019-0666-3},
    doi = {10.1186/s12874-019-0666-3},
    issn = {1471-2288},
    keywords = {Functional form of continuous covariates, Multivariable modelling}
}

@article{Wang2009ADemand,
    title = {{A trend fixed on firstly and seasonal adjustment model combined with the {$\epsilon$}-SVR for short-term forecasting of electricity demand}},
    year = {2009},
    journal = {Energy Policy},
    author = {Wang, Jianzhou and Zhu, Wenjin and Zhang, Wenyu and Sun, Donghuai},
    number = {11},
    month = {11},
    pages = {4901--4909},
    volume = {37},
    publisher = {Elsevier},
    doi = {10.1016/j.enpol.2009.06.046},
    issn = {03014215},
    keywords = {Seasonal adjustment, Trend fixed on firstly, {$\epsilon$}-SVR}
}

@incollection{Goyal2020ActivationFunctions,
    title = {{Activation functions}},
    year = {2020},
    booktitle = {Studies in Computational Intelligence},
    author = {Goyal, Mohit and Goyal, Rajan and Venkatappa Reddy, P. and Lall, Brejesh},
    pages = {1--30},
    volume = {865},
    publisher = {Springer Verlag},
    url = {https://doi.org/10.1007/978-3-030-31760-7_1},
    doi = {10.1007/978-3-030-31760-7{\_}1},
    issn = {18609503},
    keywords = {Activation functions, Adaptive activation functions, Learning deep neural networks, Neural networks, ReLU, SLAF}
}

@incollection{Calin2020ActivationFunctions,
    title = {{Activation Functions}},
    year = {2020},
    author = {Calin, Ovidiu},
    pages = {21--39},
    publisher = {Springer, Cham},
    url = {https://doi.org/10.1007/978-3-030-36721-3},
    doi = {10.1007/978-3-030-36721-3{\_}2}
}

@article{Nwankpa2018ActivationLearning,
    title = {{Activation Functions: Comparison of trends in Practice and Research for Deep Learning}},
    year = {2018},
    author = {Nwankpa, Chigozie and Ijomah, Winifred and Gachagan, Anthony and Marshall, Stephen},
    month = {11},
    url = {http://arxiv.org/abs/1811.03378},
    arxivId = {1811.03378},
    keywords = {Index Terms activation function, activation function choices, activation function types, deep learning, learning algorithms, neural networks}
}

@book{Holland1975AdaptationIntelligence,
    title = {{Adaptation in natural and artificial systems : an introductory analysis with applications to biology, control, and artificial intelligence}},
    year = {1975},
    booktitle = {University of Michigan Press},
    author = {Holland, John H. (John Henry)}
}

@techreport{XMAdditionalOperators,
    title = {{Additional document over registered operators}},
    author = {{XM}},
    url = {http://www.xm.com.co/RegistroActualizacionAgentesContactos/AGENTES EN EL RAS.pdf}
}

@article{UnitedNations2018AFFORDABLEEfficient,
    title = {{AFFORDABLE AND CLEAN ENERGY : energy efficient}},
    year = {2018},
    journal = {The sustainable Development Goals Report},
    author = {{United Nations}},
    url = {http://www.un.org/sustainabledevelopment/energy/}
}

@book{Rebala2019AnLearning,
    title = {{An introduction to machine learning}},
    year = {2019},
    author = {Rebala, Gopinath and Ravi, Ajay and Churiwala, Sanjay}
}

@techreport{JamesAnLearning,
    title = {{An Introduction to Statistical Learning}},
    author = {James, Gareth and Witten, Daniela and Hastie, Trevor and Tibshirani, Robert},
    url = {http://www.springer.com/series/417}
}

@book{Tibshirani2000AnLearning,
    title = {{An introduction to Statistical Learning}},
    year = {2000},
    booktitle = {Current medicinal chemistry},
    author = {Tibshirani, Robert and James, Gareth and Witten, Daniela and Hastie, Trevor},
    number = {10},
    pages = {995--1039},
    volume = {7},
    isbn = {978-1-4614-7137-0},
    doi = {10.1007/978-1-4614-7138-7},
    issn = {0929-8673},
    pmid = {10911016},
    arxivId = {arXiv:1011.1669v3}
}

@techreport{Muller2014AnPackage,
    title = {{An Introduction to the Estimation of GPLMs and Data Examples for the R gplm Package}},
    year = {2014},
    author = {M{\"{u}}ller, Marlene}
}

@article{Ghalehkhondabi2017An2005-2015,
    title = {{An overview of energy demand forecasting methods published in 2005-2015}},
    year = {2017},
    journal = {Energy Systems},
    author = {Ghalehkhondabi, Iman and Ardjmand, Ehsan and Weckman, Gary R and Ii, William A Young},
    pages = {411--447},
    volume = {8},
    doi = {10.1007/s12667-016-0203-y},
    keywords = {Demand prediction, Demand uncertainty, Energy consumption, Forecasting methods, Neural networks, Time series}
}

@incollection{Saveliev2007AnalysisData,
    title = {{Analysis and modelling of lattice data}},
    year = {2007},
    booktitle = {Analysing Ecological Data},
    author = {Saveliev, A. A. and Mukharamova, S. S. and Zuur, A. F.},
    month = {8},
    pages = {321--339},
    publisher = {Springer New York},
    url = {https://link.springer.com/chapter/10.1007/978-0-387-45972-1_18},
    doi = {10.1007/978-0-387-45972-1{\_}18}
}

@article{Philippopoulos2012ApplicationTopography,
    title = {{Application of artificial neural networks for the spatial estimation of wind speed in a coastal region with complex topography}},
    year = {2012},
    journal = {Renewable Energy},
    author = {Philippopoulos, Kostas and Deligiorgi, Despina},
    number = {1},
    month = {2},
    pages = {75--82},
    volume = {38},
    publisher = {Pergamon},
    doi = {10.1016/j.renene.2011.07.007},
    issn = {09601481},
    keywords = {Complex topography, Neural networks, Spatial interpolation, Wind speed}
}

@article{Hsu2003ApplicationsForecasting,
    title = {{Applications of improved grey prediction model for power demand forecasting}},
    year = {2003},
    journal = {Elsevier},
    author = {Hsu, Che-Chiang and Chen, Chia-Yon}
}

@book{Woodward2011AppliedAnalysis,
    title = {{Applied time series analysis}},
    year = {2011},
    booktitle = {Chapman {\&} Hall/CRC},
    author = {Woodward, Wayne A}
}

@book{2016ArtificialModelling,
    title = {{Artificial Neural Network Modelling}},
    year = {2016},
    editor = {Shanmuganathan, Subana and Samarasinghe, Sandhya},
    series = {Studies in Computational Intelligence},
    volume = {628},
    publisher = {Springer International Publishing},
    url = {http://link.springer.com/10.1007/978-3-319-28495-8},
    address = {Cham},
    isbn = {978-3-319-28493-4},
    doi = {10.1007/978-3-319-28495-8}
}

@article{Basheer2000ArtificialApplication,
    title = {{Artificial neural networks: Fundamentals, computing, design, and application}},
    year = {2000},
    journal = {Journal of Microbiological Methods},
    author = {Basheer, I. A. and Hajmeer, M.},
    number = {1},
    month = {12},
    pages = {3--31},
    volume = {43},
    publisher = {Elsevier},
    doi = {10.1016/S0167-7012(00)00201-3},
    issn = {01677012},
    pmid = {11084225},
    keywords = {Artificial neural networks, Backpropagation, Growth curves, History, Modeling, S. flexneri}
}

@incollection{Nisbet2018BasicOverview,
    title = {{Basic Algorithms for Data Mining: A Brief Overview}},
    year = {2018},
    booktitle = {Handbook of Statistical Analysis and Data Mining Applications},
    author = {Nisbet, Robert and Miner, Gary and Yale, Ken},
    month = {1},
    pages = {121--147},
    publisher = {Elsevier},
    doi = {10.1016/b978-0-12-416632-5.00007-4}
}

@techreport{Agatonovic-Kustrin2000BasicResearch,
    title = {{Basic concepts of artificial neural network (ANN) modeling and its application in pharmaceutical research}},
    year = {2000},
    booktitle = {Journal of Pharmaceutical and Biomedical Analysis},
    author = {Agatonovic-Kustrin, S and Beresford, R},
    pages = {717--727},
    volume = {22},
    url = {www.elsevier.com/locate/jpba}
}

@techreport{WoodBasisFunctions,
    title = {{Basis Penalty Smoothers Estimating functions}},
    author = {Wood, Simon},
    url = {https://people.maths.bris.ac.uk/~sw15190/mgcv/SmoothModels.pdf}
}

@techreport{Fahrmeir2001BayesianPriors,
    title = {{Bayesian Inference for Generalized Additive Mixed Models Based on Markov Random Field Priors}},
    year = {2001},
    booktitle = {Source: Journal of the Royal Statistical Society. Series C (Applied Statistics)},
    author = {Fahrmeir, Ludwig and Lang, Stefan},
    number = {2},
    pages = {201--220},
    volume = {50}
}

@book{Fahrmeir2011BayesianData,
    title = {{Bayesian smoothing and regression for longitudinal, spatial and event history data}},
    year = {2011},
    booktitle = {Oxford University Press},
    author = {Fahrmeir, L and Kneib, Thomas}
}

@techreport{Shalizi2012ChapterUniversity,
    title = {{Chapter 7 Splines - Undergraduate Advanced Data Analysis - Carnegie Mellon University}},
    year = {2012},
    author = {Shalizi, Cosma},
    url = {http://www.stat.cmu.edu/~cshalizi/uADA/12/lectures/ch07.pdf}
}

@misc{StatoidsColombiaDepartments,
    title = {{Colombia Departments}},
    author = {{Statoids}},
    url = {http://www.statoids.com/uco.html}
}

@misc{XMCommercialDemand,
    title = {{Commercial Demand}},
    author = {{XM}},
    url = {http://portalbissrs.xm.com.co/dmnd/Paginas/Historicos/Historicos.aspx?RootFolder=%2Fdmnd%2FHistricos%2FDemanda Comercial&FolderCTID=0x01200039E2A7EBA7248245AD25FA272270BCE5&View=%7B8DBA930A-8AE6-48F6-8D6A-F206C89DC868%7D#InplviewHash8dba930a-8ae6-48f6-8d6}
}

@article{StockComparingFrameworks,
    title = {{Comparing predictions of fisheries bycatch using multiple spatiotemporal species distribution model frameworks}},
    author = {Stock, Brian C and Ward, Eric J and Eguchi, Tomoharu and Jannot, Jason E and Thorson, James T and Feist, Blake E and Semmens, Brice X},
    url = {www.nrcresearchpress.com},
    doi = {10.1139/cjfas-2018-0281}
}

@article{Franco2007ContributionSouthwest,
    title = {{Contribution of the energy at development of isolated communities in not interconnected zones: A case of application of systems dynamics and sustainable livelihoods in the Colombia Southwest}},
    year = {2007},
    author = {Franco, Carlos and Dyner, Isaac and Hoyos, Santiago},
    pages = {199--214},
    keywords = {abstract, approach we assess the, communities before and after, din{\'{a}}mica de sistemas, energizaci{\'{o}}n rural, energization, energization in isolated regions, energy policies, for simulation and evaluated, interconnected zones - nis, medios de vida sostenibles, not, of colombia, situation of the isolated, system dynamics is used, the problem of rural, this paper focuses on, using the sustainable livelihood}
}

@misc{XMDemandRegion,
    title = {{Demand by Region}},
    author = {{XM}},
    url = {https://www.xm.com.co/Paginas/Indicadores/Demanda/Indicador-demanda-regiones-ors.aspx}
}

@misc{XM2010Demanda_por_OR_2010,
    title = {{Demanda{\_}por{\_}OR{\_}2010}},
    year = {2010},
    author = {{XM}}
}

@techreport{Ghods2011DifferentReview,
    title = {{Different Methods of Long-Term Electric Load Demand Forecasting; A Comprehensive Review}},
    year = {2011},
    booktitle = {Iranian Journal of Electrical {\&} Electronic Engineering},
    author = {Ghods, L and Kalantar, M},
    number = {4},
    volume = {7},
    keywords = {Demand Forecasting, Fuzzy Rules, Genetic Algorithms, Long-term, Neural Networks}
}

@article{Suganthi2012EnergyReview,
    title = {{Energy models for demand forecasting-A review}},
    year = {2012},
    journal = {Renewable and Sustainable Energy Reviews},
    author = {Suganthi, L and Samuel, Anand A},
    pages = {1223--1240},
    volume = {16},
    doi = {10.1016/j.rser.2011.08.014},
    keywords = {Demand side management, Econometric models, Energy demand management, Energy models, Forecasting model}
}

@article{Windle2010ExploringAtlantic,
    title = {{Exploring spatial non-stationarity of fisheries survey data using geographically weighted regression (GWR): An example from the Northwest Atlantic}},
    year = {2010},
    journal = {ICES Journal of Marine Science},
    author = {Windle, Matthew J.S. and Rose, George A. and Devillers, Rodolphe and Fortin, Marie Josée},
    number = {1},
    month = {1},
    pages = {145--154},
    volume = {67},
    publisher = {Oxford Academic},
    url = {https://academic.oup.com/icesjms/article/67/1/145/595559},
    doi = {10.1093/icesjms/fsp224},
    issn = {10543139},
    keywords = {Atlantic cod, Fisheries ecology, Generalized additive models, Geographically weighted regression, Logistic regression, Non-stationarity, Northwest Atlantic, Spatial modelling}
}

@book{Faraway2006ExtendingModels,
    title = {{Extending the linear model with R : generalized linear, mixed effects and nonparametric regression models}},
    year = {2006},
    booktitle = {Chapman {\&} Hall/CRC},
    author = {Faraway, Julian James}
}

@techreport{Wood2010FastGLMs,
    title = {{Fast stable REML and ML estimation of semiparametric GLMs}},
    year = {2010},
    author = {Wood, Simon},
    url = {https://www.jstor.org/stable/41057423},
    keywords = {GAM, GAMM, GCV, Marginal Likelihood, REML, adaptive smoothing, model selection, penalized GLM, penalized regression splines, scalar on function regression, stable computation}
}

@inproceedings{Rana2013FeatureData,
    title = {{Feature selection for neural network-based interval forecasting of electricity demand data}},
    year = {2013},
    booktitle = {Lecture Notes in Computer Science (including subseries Lecture Notes in Artificial Intelligence and Lecture Notes in Bioinformatics)},
    author = {Rana, Mashud and Koprinska, Irena and Khosravi, Abbas},
    pages = {389--396},
    volume = {8131 LNCS},
    publisher = {Springer, Berlin, Heidelberg},
    url = {https://link-springer-com.ezproxy.auckland.ac.nz/chapter/10.1007/978-3-642-40728-4_49},
    isbn = {9783642407277},
    doi = {10.1007/978-3-642-40728-4{\_}49},
    issn = {03029743},
    keywords = {Electricity demand forecasting, feature selection, neural networks, prediction intervals}
}

@techreport{Asad2012FindingDemand,
    title = {{Finding the Best ARIMA Model to Forecast Daily Peak Electricity Demand}},
    year = {2012},
    author = {As'ad, Mohamad},
    url = {https://ro.uow.edu.au/asearc/12},
    keywords = {ARIMA, Electricity demand, MAPE, MAPE Keywords: Electricity demand, RMSE}
}

@article{Amato2020ForecastingComponents,
    title = {{Forecasting high resolution electricity demand data with additive models including smooth and jagged components}},
    year = {2020},
    journal = {International Journal of Forecasting},
    author = {Amato, Umberto and Antoniadis, Anestis and De Feis, Italia and Goude, Yannig and Lagache, Audrey},
    month = {6},
    publisher = {Elsevier B.V.},
    doi = {10.1016/j.ijforecast.2020.04.001},
    issn = {01692070},
    keywords = {Penalised least-squares, Random forest, Semi-parametric additive model, Short-term load forecasting, Wavelets}
}

@article{Ozturk2005ForecastingStudy,
    title = {{Forecasting total and industrial sector electricity demand based on genetic algorithm approach: Turkey case study}},
    year = {2005},
    journal = {International Journal of Energy Research},
    author = {Ozturk, Harun Kemal and Ceylan, Halim},
    number = {9},
    month = {7},
    pages = {829--840},
    volume = {29},
    publisher = {John Wiley {\&} Sons, Ltd},
    url = {http://doi.wiley.com/10.1002/er.1092},
    doi = {10.1002/er.1092},
    issn = {0363-907X},
    keywords = {Electricity consumption, Electricity projection, Genetic algorithm, Turkey's electricity}
}

@article{Shang2013FunctionalDemand,
    title = {{Functional time series approach for forecasting very short-term electricity demand}},
    year = {2013},
    journal = {Journal of Applied Statistics},
    author = {Shang, Han Lin},
    number = {1},
    month = {1},
    pages = {152--168},
    volume = {40},
    publisher = {Taylor {\&} Francis},
    url = {https://www.tandfonline.com/doi/full/10.1080/02664763.2012.740619},
    doi = {10.1080/02664763.2012.740619},
    issn = {0266-4763},
    keywords = {functional principal component analysis, multivariate time series, ordinary least-squares regression, penalised least-squares regression, roughness penalty, seasonal time series}
}

@book{Ruan2000FuzzyApplications,
    title = {{Fuzzy if-then rules in computational intelligence : theory and applications}},
    year = {2000},
    booktitle = {Kluwer Academic},
    author = {Ruan, Da}
}

@article{Zadeh1965FuzzySets,
    title = {{Fuzzy sets}},
    year = {1965},
    journal = {Information and Control},
    author = {Zadeh, L. A.},
    number = {3},
    month = {6},
    pages = {338--353},
    volume = {8},
    publisher = {Academic Press},
    doi = {10.1016/S0019-9958(65)90241-X},
    issn = {00199958}
}

@misc{WoodGamDocumentation,
    title = {{gam function | R Documentation}},
    author = {Wood, Simon},
    url = {https://www.rdocumentation.org/packages/mgcv/versions/1.8-31/topics/gam}
}

@techreport{LarsenGAM:Intro,
    title = {{GAM: The Predictive Modeling Silver Bullet - use this for Intro}},
    author = {Larsen, Kim}
}

@book{Rue2005GaussianApplications,
    title = {{Gaussian Markov random fields : theory and applications}},
    year = {2005},
    booktitle = {Chapman {\&} Hall/CRC},
    author = {Rue, Håvard and Held, Leonhard}
}

@techreport{Haran2011GaussianData,
    title = {{Gaussian random field models for spatial data}},
    year = {2011},
    author = {Haran, Murali}
}

@book{Hastie1999GeneralizedModels,
    title = {{Generalized additive models}},
    year = {1999},
    booktitle = {Chapman {\&} Hall/CRC},
    author = {Hastie, Trevor and Tibshirani, Robert}
}

@techreport{Hastie1986GeneralizedModels,
    title = {{Generalized Additive Models}},
    year = {1986},
    booktitle = {Source: Statistical Science},
    author = {Hastie, Trevor and Tibshirani, Robert},
    number = {3},
    pages = {297--310},
    volume = {1}
}

@book{Wood2017GeneralizedR,
    title = {{Generalized additive models : an introduction with R}},
    year = {2017},
    author = {Wood, Simon}
}

@book{Wood2006GeneralizedR,
    title = {{Generalized Additive Models An Introduction with R}},
    year = {2006},
    booktitle = {CRC Press},
    author = {Wood, Simon}
}

@techreport{Rigby2005GeneralizedShape,
    title = {{Generalized Additive Models for Location, Scale and Shape}},
    year = {2005},
    booktitle = {Source: Journal of the Royal Statistical Society. Series C (Applied Statistics)},
    author = {Rigby, R A and Stasinopoulos, D M},
    number = {3},
    pages = {507--554},
    volume = {54}
}

@techreport{FangGeneralizedData,
    title = {{Generalized Additive Models with Spatio-temporal Data}},
    author = {Fang, Xiangming and Chan, Kung-Sik},
    keywords = {GAM, Mat{\'{e}}rnMat´Mat{\'{e}}rn class, Maximum likelihood (ML), Penalized likelihood, Restricted maximum likelihood (REML), Spatio-temporal data}
}

@book{McCullagh1989GeneralizedModels,
    title = {{Generalized linear models}},
    year = {1989},
    author = {McCullagh, Peter}
}

@techreport{Nelder1972GeneralizedModels,
    title = {{Generalized Linear Models}},
    year = {1972},
    booktitle = {Source: Journal of the Royal Statistical Society. Series A (General)},
    author = {Nelder, J A and Wedderburn, R W M},
    number = {3},
    pages = {370--384},
    volume = {135}
}

@book{Kramer2017GeneticEssentials,
    title = {{Genetic algorithm essentials}},
    year = {2017},
    author = {Kramer, Oliver}
}

@book{Goldberg1989GeneticLearning,
    title = {{Genetic algorithms in search, optimization, and machine learning}},
    year = {1989},
    booktitle = {Addison-Wesley Pub. Co.},
    author = {Goldberg, David E. (David Edward)}
}

@article{Kammann2003GeoadditiveModels,
    title = {{Geoadditive models}},
    year = {2003},
    journal = {Journal of the Royal Statistical Society: Series C (Applied Statistics)},
    author = {Kammann, E. E. and Wand, M. P.},
    number = {1},
    month = {1},
    pages = {1--18},
    volume = {52},
    url = {http://doi.wiley.com/10.1111/1467-9876.00385},
    doi = {10.1111/1467-9876.00385},
    issn = {0035-9254},
    keywords = {Additive models, Disease mapping, Geostatistics, Kriging, Mixed models, Nonparametric regression, Penalized splines, Restricted maximum likelihood}
}

@techreport{WangGeographicalModel,
    title = {{Geographical Ratings with Spatial Random Effects in a Two-Part Model}},
    author = {Wang, Chun and Schifano, Elizabeth D and Yan, Jun},
    url = {https://www.cms.gov/cciio/programs-and-initiatives/},
    keywords = {10, INLA, geoadditive model, rating area, territory analysis}
}

@book{Fotheringham2002GeographicallyRelationships,
    title = {{Geographically weighted regression : the analysis of spatially varying relationships}},
    year = {2002},
    booktitle = {Wiley},
    author = {Fotheringham, A. Stewart and Brunsdon, Chris and Charlton, Martin}
}

@book{Fishwick2014HandbookModelling,
    title = {{Handbook of Dynamic System Modelling}},
    year = {2014},
    author = {Fishwick, Paul A.},
    publisher = {Chapman {\&} Hall}
}

@techreport{AdinUrtasunHierarchicalMapping,
    title = {{Hierarchical and spline-based models in space-time disease mapping}},
    author = {Adin Urtasun, Aritz}
}

@misc{XMHistoricalDemand,
    title = {{Historical Demand}},
    author = {{XM}},
    url = {http://portalbissrs.xm.com.co/dmnd/Paginas/Historicos/Historicos.aspx}
}

@book{Novak2016InsightModeling,
    title = {{Insight into fuzzy modeling}},
    year = {2016},
    author = {Novák, Vilém}
}

@book{Alpaydin2014IntroductionLearning,
    title = {{Introduction to machine learning}},
    year = {2014},
    author = {Alpaydin, Ethem}
}

@book{Wooldridge2016IntroductoryApproach,
    title = {{Introductory Econometrics: A Modern Approach}},
    year = {2016},
    author = {Wooldridge, Jeffrey M.}
}

@misc{Kecman2001LearningModels,
    title = {{Learning and soft computing support vector machines, neural networks, and fuzzy logic models}},
    year = {2001},
    author = {Kecman, V.}
}

@book{Held2020LikelihoodInference,
    title = {{Likelihood and Bayesian Inference}},
    year = {2020},
    booktitle = {Springer},
    author = {Held, Leonhard and Saban{\'{e}}s Bov{\'{e}}, Daniel},
    series = {Statistics for Biology and Health},
    publisher = {Springer Berlin Heidelberg},
    url = {http://link.springer.com/10.1007/978-3-662-60792-3},
    isbn = {978-3-662-60791-6},
    doi = {10.1007/978-3-662-60792-3}
}

@incollection{Moser1996LinearTopics,
    title = {{Linear Algebra and Related Introductory Topics}},
    year = {1996},
    booktitle = {Linear Models},
    author = {Moser, Barry Kurt},
    month = {1},
    pages = {1--22},
    publisher = {Elsevier},
    doi = {10.1016/b978-012508465-9/50001-6}
}

@article{Mashhoodi2018LocalRegression,
    title = {{Local determinants of household gas and electricity consumption in Randstad region, Netherlands: application of geographically weighted regression}},
    year = {2018},
    journal = {Spatial Information Research},
    author = {Mashhoodi, Bardia and van Timmeren, Arjan},
    number = {6},
    month = {12},
    pages = {607--618},
    volume = {26},
    publisher = {Springer Science and Business Media B.V.},
    url = {https://doi.org/10.1007/s41324-018-0203-1},
    doi = {10.1007/s41324-018-0203-1},
    issn = {23663294},
    keywords = {Electricity, Gas, Geographically weighted regression, Household energy consumption, Netherlands, Randstad}
}

@article{Faulkner2018LocallyPriors,
    title = {{Locally adaptive smoothing with Markov random fields and shrinkage priors}},
    year = {2018},
    journal = {Bayesian Analysis},
    author = {Faulkner, James R. and Minin, Vladimir N.},
    number = {1},
    pages = {225--252},
    volume = {13},
    publisher = {International Society for Bayesian Analysis},
    url = {/pmc/articles/PMC5942601/?report=abstract https://www.ncbi.nlm.nih.gov/pmc/articles/PMC5942601/},
    doi = {10.1214/17-BA1050},
    issn = {19316690},
    arxivId = {1512.06505},
    keywords = {Hamiltonian Monte Carlo, Horseshoe prior, L{\'{e}}vy process, Nonparametric}
}

@book{Govindaraju2013MachineApplications,
    title = {{Machine learning theory and applications}},
    year = {2013},
    author = {Govindaraju, Venugopal and Rao, Calyampudi Radhakrishna}
}

@misc{DANE2018MarcoMGN,
    title = {{Marco Geoestadistico Nacional (MGN)}},
    year = {2018},
    author = {{DANE}},
    url = {https://geoportal.dane.gov.co/servicios/descarga-y-metadatos/descarga-mgn-marco-geoestadistico-nacional/}
}

@book{Ibe2013MarkovEdition,
    title = {{Markov Processes for Stochastic Modeling: Second Edition}},
    year = {2013},
    booktitle = {Markov Processes for Stochastic Modeling: Second Edition},
    author = {Ibe, Oliver C.},
    pages = {1--494},
    publisher = {Elsevier Inc.},
    isbn = {9780124077959},
    doi = {10.1016/C2012-0-06106-6}
}

@techreport{Ajce2015Mid-TermLogic,
    title = {{Mid-Term Energy Demand Forecasting in Albania Using Fuzzy Logic}},
    year = {2015},
    author = {Aj{\c{c}}e, Jorida},
    keywords = {Cooling Degree Days, Energy Forecasting, Fuzzy Logic, Heating Degree Days}
}

@techreport{SalemJornaz2016ModelingComponents,
    title = {{Modeling daily electricity load curve using cubic splines and functional principal components}},
    year = {2016},
    author = {Salem Jornaz, Abdelmonaem},
    url = {https://scholarsmine.mst.edu/doctoral_dissertations/2476},
    keywords = {Electricity load, Functional principal components, Splines, VARX}
}

@article{Bolin2012ModelsProperties,
    title = {{Models and Methods for Random Fields in Spatial Statistics with Computational Efficiency from Markov Properties}},
    year = {2012},
    author = {Bolin, David},
    url = {https://lup.lub.lu.se/search/ws/files/4123914/2539412.pdf},
    isbn = {9789174733365}
}

@article{Gonzalez-Romera2008MonthlySeries,
    title = {{Monthly electric energy demand forecasting with neural networks and Fourier series}},
    year = {2008},
    journal = {Energy Conversion and Management},
    author = {Gonz{\'{a}}lez-Romera, E. and Jaramillo-Mor{\'{a}}n, M. A. and Carmona-Fern{\'{a}}ndez, D.},
    number = {11},
    month = {11},
    pages = {3135--3142},
    volume = {49},
    publisher = {Pergamon},
    doi = {10.1016/j.enconman.2008.06.004},
    issn = {01968904},
    keywords = {Fourier series, Load forecasting, Neural network applications, Spectral analysis, Time series}
}

@article{Aranda2012MultipleSector,
    title = {{Multiple regression models to predict the annual energy consumption in the Spanish banking sector}},
    year = {2012},
    journal = {Energy and Buildings},
    author = {Aranda, Alfonso and Ferreira, Germán and Mainar-Toledo, M. D. and Scarpellini, Sabina and Llera Sastresa, Eva},
    month = {6},
    pages = {380--387},
    volume = {49},
    publisher = {Elsevier},
    doi = {10.1016/j.enbuild.2012.02.040},
    issn = {03787788},
    keywords = {Banking sector, Energy consumption prediction, Multiple regression model}
}

@misc{XMNationalDemand,
    title = {{National Demand}},
    author = {{XM}},
    url = {http://portalbissrs.xm.com.co/dmnd/Paginas/Historicos/Historicos.aspx?RootFolder=%2Fdmnd%2FHistricos%2FDemanda Nacional&FolderCTID=0x01200039E2A7EBA7248245AD25FA272270BCE5&View=%7B8DBA930A-8AE6-48F6-8D6A-F206C89DC868%7D}
}

@misc{Stackexchange2018NeuralValidated,
    title = {{neural networks - Are deep learning models parametric? Or non-parametric? - Cross Validated}},
    year = {2018},
    author = {{Stackexchange}},
    url = {https://stats.stackexchange.com/questions/322049/are-deep-learning-models-parametric-or-non-parametric}
}

@techreport{BustosGonzalez2014NonPerspectives,
    title = {{Zonas no interconectadas eléctricamente en Colombia: problemas y perspectiva (Non Electric Interconnection Zones in Colombia: Problems and Perspectives)}},
    year = {2014},
    author = {Bustos Gonz{\'{a}}lez, Juan Felipe and Sep{\'{u}}lveda, Andrés Leonardo and Aponte, Kevin Triviño},
    publisher = {SSRN},
    address = {Bogota}
}

@techreport{AdinOnMapping,
    title = {{On Bayesian P-splines in disease mapping}},
    author = {Adin, A and Goicoa, T},
    keywords = {INLA, pancreatic cancer, space-time disease mapping}
}

@article{Ludwig2020OnData,
    title = {{On spline-based approaches to spatial linear regression for geostatistical data}},
    year = {2020},
    journal = {Environmental and Ecological Statistics},
    author = {Ludwig, Guilherme and Zhu, Jun and Reyes, Perla and Chen, Chun Shu and Conley, Shawn P.},
    number = {2},
    month = {6},
    pages = {175--202},
    volume = {27},
    publisher = {Springer},
    url = {https://doi.org/10.1007/s10651-020-00441-9},
    doi = {10.1007/s10651-020-00441-9},
    issn = {15733009},
    keywords = {Linear mixed-effects models, Precision agriculture, Semiparametric methods, Spatial confounding, Spatial statistics}
}

@article{Vasdekis2005OnData,
    title = {{On the difference between ML and REML estimators in the modelling of multivariate longitudinal data}},
    year = {2005},
    journal = {Journal of Statistical Planning and Inference},
    author = {Vasdekis, Vassilis G.S. and Vlachonikolis, Ioannis G.},
    number = {1},
    month = {9},
    pages = {194--205},
    volume = {134},
    publisher = {North-Holland},
    doi = {10.1016/j.jspi.2004.01.020},
    issn = {03783758},
    keywords = {Efficiency, Longitudinal data, MANOVA, ML, REML, Random effects}
}

@book{Spath1995OneAlgorithms,
    title = {{One dimensional spline interpolation algorithms}},
    year = {1995},
    booktitle = {A K Peters},
    author = {Späth, Helmuth}
}

@article{Ugarte2017One-dimensionalIdentifiability,
    title = {{One-dimensional, two-dimensional, and three dimensional B-splines to specify space-time interactions in Bayesian disease mapping: Model fitting and model identifiability}},
    year = {2017},
    journal = {Spatial Statistics},
    author = {Ugarte, M D and Adin, A and Goicoa, T},
    pages = {451--468},
    volume = {22},
    url = {http://dx.doi.org/10.1016/j.spasta.2017.04.002},
    doi = {10.1016/j.spasta.2017.04.002},
    keywords = {Anisotropy INLA, Identifiability, Penalized splines, Risk smoothing, Spectral decomposition}
}

@article{Mollaiy-Berneti2016OptimalIndustry,
    title = {{Optimal design of adaptive neuro-fuzzy inference system using genetic algorithm for electricity demand forecasting in Iranian industry}},
    year = {2016},
    journal = {Soft Computing},
    author = {Mollaiy-Berneti, Shahram},
    number = {12},
    month = {12},
    pages = {4897--4906},
    volume = {20},
    publisher = {Springer Verlag},
    url = {https://link-springer-com.ezproxy.auckland.ac.nz/article/10.1007/s00500-015-1777-3},
    doi = {10.1007/s00500-015-1777-3},
    issn = {14337479},
    keywords = {Adaptive neuro-fuzzy inference system, Electricity demand, Genetic algorithm, Iranian industrial sector, Subtractive clustering}
}

@article{Wood2020PackageEstimation,
    title = {{Package 'mgcv' Mixed GAM Computation Vehicle with Automatic Smoothness Estimation}},
    year = {2020},
    author = {Wood, Simon},
    doi = {10.1201/9781315370279}
}

@misc{Ran2017ParameterReview,
    title = {{Parameter identifiability in statistical machine learning: A review}},
    year = {2017},
    booktitle = {Neural Computation},
    author = {Ran, Zhi Yong and Hu, Bao Gang},
    number = {5},
    month = {5},
    pages = {1151--1203},
    volume = {29},
    publisher = {MIT Press Journals},
    url = {https://www.mitpressjournals.org/doi/abs/10.1162/NECO_a_00947},
    doi = {10.1162/NECO{\_}a{\_}00947},
    issn = {1530888X},
    pmid = {28181880}
}

@article{Park2014ParametricOptions,
    title = {{Parametric models and non-parametric machine learning models for predicting option prices: Empirical comparison study over KOSPI 200 Index options}},
    year = {2014},
    journal = {Expert Systems with Applications},
    author = {Park, Hyejin and Kim, Namhyoung and Lee, Jaewook},
    number = {11},
    month = {9},
    pages = {5227--5237},
    volume = {41},
    publisher = {Elsevier Ltd},
    doi = {10.1016/j.eswa.2014.01.032},
    issn = {09574174},
    keywords = {Artificial neural network, Black-Scholes model, Gaussian processes, Heston model, Merton model, Option pricing, Support vector machines}
}

@techreport{Fahrmeir2004PENALIZEDPERSPECTIVE,
    title = {{PENALIZED STRUCTURED ADDITIVE REGRESSION FOR SPACE-TIME DATA: A BAYESIAN PERSPECTIVE}},
    year = {2004},
    booktitle = {Statistica Sinica},
    author = {Fahrmeir, Ludwig and Kneib, Thomas and Lang, Stefan},
    pages = {731--761},
    volume = {14},
    keywords = {MCMC, Markov ran-dom fields, P-splines, and phrases: Generalized linear mixed models, restricted maximum likelihood}
}

@book{Haupt2003PracticalAlgorithms,
    title = {{Practical Genetic Algorithms}},
    year = {2003},
    booktitle = {Practical Genetic Algorithms},
    author = {Haupt, Randy L. and Haupt, Sue Ellen},
    month = {5},
    publisher = {John Wiley {\&} Sons, Inc.},
    url = {http://doi.wiley.com/10.1002/0471671746},
    address = {Hoboken, NJ, USA},
    isbn = {0471455652},
    doi = {10.1002/0471671746}
}

@book{Nielsen2019PracticalLearning,
    title = {{Practical Time Series Analysis : Prediction with Statistics and Machine Learning}},
    year = {2019},
    author = {Nielsen, Aileen}
}

@article{Rios-Pena2016PredictingModels,
    title = {{Predicting the occurrence of wildfires with binary structured additive regression models}},
    year = {2016},
    author = {R{\'{i}}os-Pena, Laura and Kneib, Thomas and Cadarso-Su Arez, Carmen and Marey-P Erez, Manuel},
    url = {http://dx.doi.org/10.1016/j.jenvman.2016.11.044},
    doi = {10.1016/j.jenvman.2016.11.044},
    keywords = {Covariates, Markov random fields, Penalized splines, Structured additive regression models, Voxel, Wildfires}
}

@article{Sozen2007PredictionTurkey,
    title = {{Prediction of net energy consumption based on economic indicators (GNP and GDP) in Turkey}},
    year = {2007},
    journal = {Energy Policy},
    author = {S{\"{o}}zen, Adnan and Arcaklioglu, Erol},
    number = {10},
    month = {10},
    pages = {4981--4992},
    volume = {35},
    publisher = {Elsevier},
    doi = {10.1016/j.enpol.2007.04.029},
    issn = {03014215},
    keywords = {Artificial neural network, Economic indicator, Energy consumption}
}

@misc{Boser1992ProceedingsTheory,
    title = {{Proceedings of the Fifth Annual ACM Workshop on Computational Learning Theory}},
    year = {1992},
    author = {Boser, Bernhard and Guyon, Isabelle and Vapnik, Vladimir N.},
    url = {https://catalogue.library.auckland.ac.nz/primo-explore/fulldisplay?docid=uoa_alma51327425480002091&amp=&amp=&amp=&amp=&amp=&amp=&search_scope=Combined_Local&tab=books&vid=NEWUI&context=L}
}

@article{Fahrmeir2009ProprietyEvidence,
    title = {{Propriety of posteriors in structured additive regression models: Theory and empirical evidence}},
    year = {2009},
    journal = {Journal of Statistical Planning and Inference},
    author = {Fahrmeir, Ludwig and Kneib, Thomas},
    pages = {843--859},
    volume = {139},
    url = {http://www.stat.uni-muenchen.de/},
    doi = {10.1016/j.jspi.2008.05.036}
}

@article{Wood2020REstimation,
    title = {{R Package 'mgcv' Mixed GAM Computation Vehicle with Automatic Smoothness Estimation}},
    year = {2020},
    author = {Wood, Simon},
    doi = {10.1201/9781315370279},
    keywords = {MASS LazyLoad yes ByteCompile yes License GPL (>=, Matrix, Priority recommended Depends R (>= 2140), graphics, nlme (>= 31-64) Imports methods, splines, stats, survival, utils Suggests parallel}
}

@book{Christakos2005RandomSciences,
    title = {{Random field models in earth sciences}},
    year = {2005},
    booktitle = {Dover Publications},
    author = {Christakos, George}
}

@misc{XMRegisteredOperators,
    title = {{Registered Operators}},
    author = {{XM}},
    url = {http://www.xm.com.co/Paginas/Mercado-de-energia/Agentes-del-mercado.aspx}
}

@misc{StackexchangeRegressionValidated,
    title = {{regression - The Pros and Cons of Smoothing spline - Cross Validated}},
    author = {{Stackexchange}},
    url = {https://stats.stackexchange.com/questions/207810/the-pros-and-cons-of-smoothing-spline}
}

@techreport{Meier2019Short-termModels,
    title = {{Short-term Electricity Price Forecasting Using Generalized Additive Models}},
    year = {2019},
    author = {Meier, Jan-Hendrik and Schneider, Stephan and Le, Chan},
    keywords = {electricity prices, forecasting, generalized additive models}
}

@misc{WoodSmooth.termsDocumentation,
    title = {{smooth.terms function | R Documentation}},
    author = {Wood, Simon},
    url = {https://www.rdocumentation.org/packages/mgcv/versions/1.8-31/topics/smooth.terms}
}

@techreport{Rodriguez2001SmoothingRegression,
    title = {{Smoothing and Non-Parametric Regression}},
    year = {2001},
    author = {Rodr{\'{i}}guez, Germán},
    url = {https://data.princeton.edu/eco572/smoothing.pdf}
}

@techreport{LeeSmoothingData,
    title = {{Smoothing mixed models for spatial and spatio-temporal data}},
    author = {Lee, Dae-Jin and Durb{\'{a}}n Reguera, María L}
}

@techreport{Tibshirani2014SmoothingUniversity,
    title = {{Smoothing Splines - Advanced Methods for Data Analysis - Carnegie Mellon University}},
    year = {2014},
    author = {Tibshirani, Ryan},
    url = {http://www.stat.cmu.edu/~ryantibs/advmethods/notes/smoothspline.pdf}
}

@article{Kashyap2015SpatialIssues,
    title = {{Spatial Approach of Artificial Neural Network for Solar Radiation Forecasting: Modeling Issues}},
    year = {2015},
    journal = {Journal of Solar Energy},
    author = {Kashyap, Yashwant and Bansal, Ankit and Sao, Anil K.},
    month = {2},
    pages = {1--13},
    volume = {2015},
    publisher = {Hindawi Limited},
    doi = {10.1155/2015/410684},
    issn = {2356-7635}
}

@techreport{Zhang2005SpatialTechniques,
    title = {{Spatial Assessment of Model Errors from Four Regression Techniques}},
    year = {2005},
    author = {Zhang, Lianjm and Gove, Jeffrey H},
    number = {4},
    volume = {51},
    url = {http://www.}
}

@article{Wang2014SpatialComputations,
    title = {{Spatial Gaussian Markov Random Fields: Modelling, Applications Spatial Gaussian Markov Random Fields: Modelling, Applications and Efficient Computations and Efficient Computations}},
    year = {2014},
    author = {Wang, Xiao-Feng and Yue, Yu Ryan},
    url = {https://academicworks.cuny.edu},
    doi = {10.4172/2155-6180.1000e128},
    keywords = {Cholesky factorization, Gaussian Markov random fields, Integrated nested Laplace approximation, Markov chain Monte Carlo, spatial statistics}
}

@techreport{XoseRodriguez-Alvarez2016SpatialTrials,
    title = {{Spatial Models for Field Trials}},
    year = {2016},
    author = {Xos{\'{e}} Rodr{\'{i}}guez -´ Alvarez, María and Boer, Martin P and Van Eeuwijk, Fred A and Eilers, Paul H C},
    isbn = {1607.08255v1},
    arxivId = {1607.08255v1}
}

@techreport{PaciorekSpatialGrid,
    title = {{Spatial models for point and areal data using Markov random fields on a fine grid}},
    author = {Paciorek, Christopher J},
    arxivId = {1204.6087v2}
}

@techreport{SangalliSpatialModels,
    title = {{Spatial Spline Regression Models}},
    author = {Sangalli, Laura M and Ramsay, James O and Ramsay, Timothy O},
    keywords = {finite elements, functional data analysis, penalized smoothing, semi-parametric model, spatial data analysis}
}

@article{Zhang2008SpatiallyStands,
    title = {{Spatially assessing model errors of four regression techniques for three types of forest stands}},
    year = {2008},
    journal = {Forestry},
    author = {Zhang, Lianjun and Ma, Zhihai and Guo, Luo},
    number = {2},
    month = {4},
    pages = {209--225},
    volume = {81},
    publisher = {Oxford Academic},
    url = {https://academic.oup.com/forestry/article/81/2/209/565051},
    doi = {10.1093/forestry/cpn014},
    issn = {0015752X}
}

@article{Ugarte2009Spatio-temporalSplines,
    title = {{Spatio-temporal modeling of mortality risks using penalized splines}},
    year = {2009},
    journal = {Environmetrics},
    author = {Ugarte, M. D. and Goicoa, T. and Militino, A. F.},
    number = {3-4},
    month = {7},
    pages = {270--289},
    volume = {21},
    publisher = {John Wiley {\&} Sons, Ltd},
    url = {http://doi.wiley.com/10.1002/env.1011},
    doi = {10.1002/env.1011},
    issn = {11804009},
    keywords = {Brain cancer, CAR models, MSE of the log-risk predictor, Smoothing risks}
}

@inproceedings{Kotillova2012StatisticalPrediction,
    title = {{Statistical and machine learning methods for electricity demand prediction}},
    year = {2012},
    booktitle = {Lecture Notes in Computer Science (including subseries Lecture Notes in Artificial Intelligence and Lecture Notes in Bioinformatics)},
    author = {Kotillova, Alexandra and Koprinska, Irena and Rana, Mashud},
    number = {PART 2},
    month = {11},
    pages = {535--542},
    volume = {7664 LNCS},
    publisher = {Springer, Berlin, Heidelberg},
    url = {https://link.springer.com/chapter/10.1007/978-3-642-34481-7_65},
    isbn = {9783642344800},
    doi = {10.1007/978-3-642-34481-7{\_}65},
    issn = {03029743},
    keywords = {ARIMA, autocorrelation analysis, backpropagation neural networks, exponential smoothing, half-hourly electricity demand prediction, linear regression, support vector regression}
}

@book{Berk2020StatisticalPerspective,
    title = {{Statistical Learning from a Regression Perspective}},
    year = {2020},
    author = {Berk, Richard A.},
    series = {Springer Texts in Statistics},
    publisher = {Springer International Publishing},
    url = {http://link.springer.com/10.1007/978-3-030-40189-4},
    address = {Cham},
    isbn = {978-3-030-40188-7},
    doi = {10.1007/978-3-030-40189-4}
}

@article{Wang2013StudyMethod,
    title = {{Study on Forecasting Model of Monthly Electricity Consumption based on Kernel Partial Least-Squares and Exponential Smoothing Method}},
    year = {2013},
    author = {Wang, Haiyan and Chen, Shijun},
    url = {www.scientific.net/AMR.805-806.1221},
    doi = {10.4028/www.scientific.net/AMR.805-806.1221},
    keywords = {Kernel partial least-squares, electricity consumption forecast, exponential smoothing method, monthly electricity consumption}
}

@book{Steinwart2008SupportMachines,
    title = {{Support vector machines}},
    year = {2008},
    booktitle = {Springer},
    author = {Steinwart, Ingo and Christmann, Andreas}
}

@article{Xiao2007TestingDemand,
    title = {{Testing functional forms in energy modeling: An application of the Bayesian approach to U.S. electricity demand}},
    year = {2007},
    journal = {Energy Economics},
    author = {Xiao, Ni and Zarnikau, Jay and Damien, Paul},
    number = {2},
    month = {3},
    pages = {158--166},
    volume = {29},
    publisher = {North-Holland},
    doi = {10.1016/j.eneco.2006.02.005},
    issn = {01409883},
    keywords = {Bayesian statistics, Energy demand, Functional form}
}

@techreport{Stone1986TheModels,
    title = {{The Dimensionality Reduction Principle for Generalized Additive Models}},
    year = {1986},
    author = {Stone, Charles J},
    number = {2},
    pages = {590--606},
    volume = {14}
}

@article{Clark2010TheAnalysis,
    title = {{The Effects of Data Aggregation in Statistical Analysis}},
    year = {2010},
    journal = {Geographical Analysis},
    author = {Clark, W. A. V. and Avery, Karen L.},
    number = {4},
    month = {9},
    pages = {428--438},
    volume = {8},
    publisher = {John Wiley {\&} Sons, Ltd},
    url = {http://doi.wiley.com/10.1111/j.1538-4632.1976.tb00549.x},
    doi = {10.1111/j.1538-4632.1976.tb00549.x},
    issn = {00167363}
}

@article{WHO2009TheCountries,
    title = {{The Energy Access Situation in Developing Countries}},
    year = {2009},
    journal = {UNDP WHO New York},
    author = {{WHO}},
    number = {November},
    pages = {142}
}

@book{Vapnik1995TheTheory,
    title = {{The Nature of Statistical Learning Theory}},
    year = {1995},
    booktitle = {The Nature of Statistical Learning Theory},
    author = {Vapnik, Vladimir N.},
    publisher = {Springer New York},
    doi = {10.1007/978-1-4757-2440-0}
}

@techreport{Wood2003ThinSplines,
    title = {{Thin Plate Regression Splines}},
    year = {2003},
    booktitle = {Source: Journal of the Royal Statistical Society. Series B (Statistical Methodology)},
    author = {Wood, Simon},
    number = {1},
    pages = {95--114},
    volume = {65},
    isbn = {202001:43:19}
}

@book{Box1971TimeControl,
    title = {{Time series analysis : forecasting and control}},
    year = {1971},
    author = {Box, George E.P and Jenkins, Gwilym M.},
    publisher = {Holden-day},
    address = {San Francisco}
}

@inproceedings{Puspita2019TimeSVM,
    title = {{Time series forecasting for electricity consumption using kernel principal component analysis (kPCA) and support vector machine (SVM)}},
    year = {2019},
    booktitle = {Journal of Physics: Conference Series},
    author = {Puspita, Verlly and {Ermatita}},
    number = {1},
    month = {4},
    pages = {012073},
    volume = {1196},
    publisher = {Institute of Physics Publishing},
    url = {https://iopscience-iop-org.ezproxy.auckland.ac.nz/article/10.1088/1742-6596/1196/1/012073 https://iopscience-iop-org.ezproxy.auckland.ac.nz/article/10.1088/1742-6596/1196/1/012073/meta},
    doi = {10.1088/1742-6596/1196/1/012073},
    issn = {17426596},
    keywords = {affordable, fast, flexible, open access, proceedings, template}
}

@book{Chatfield2001Time-seriesForecasting,
    title = {{Time-series forecasting}},
    year = {2001},
    booktitle = {Chapman {\&} Hall/CRC},
    author = {Chatfield, Christopher}
}

@article{Kucukali2010TurkeysApproach,
    title = {{Turkey's short-term gross annual electricity demand forecast by fuzzy logic approach}},
    year = {2010},
    journal = {Energy Policy},
    author = {Kucukali, Serhat and Baris, Kemal},
    number = {5},
    month = {5},
    pages = {2438--2445},
    volume = {38},
    publisher = {Elsevier},
    doi = {10.1016/j.enpol.2009.12.037},
    issn = {03014215},
    keywords = {Electricity demand, Fuzzy logic, Turkey}
}

@book{Spath1995TwoAlgorithms,
    title = {{Two dimensional spline interpolation algorithms}},
    year = {1995},
    booktitle = {A.K. Peters},
    author = {Späth, Helmuth}
}

@techreport{Warner1996UnderstandingTools,
    title = {{Understanding Neural Networks as Statistical Tools}},
    year = {1996},
    author = {Warner, Brad and Misra, Manavendra},
    number = {4},
    pages = {284--293},
    volume = {50},
    keywords = {Artificial intelligence, Backpropagation, Generalized linear model, Nonparametric regression}
}

@book{Allen1997UnderstandingAnalysis,
    title = {{Understanding regression analysis}},
    year = {1997},
    booktitle = {Plenum Press},
    author = {Allen, Michael Patrick}
}

@article{Hastie1993Varying-CoefficientModels,
    title = {{Varying-Coefficient Models}},
    year = {1993},
    journal = {Journal of the Royal Statistical Society: Series B (Methodological)},
    author = {Hastie, Trevor and Tibshirani, Robert},
    number = {4},
    month = {9},
    pages = {757--779},
    volume = {55},
    publisher = {Wiley},
    doi = {10.1111/j.2517-6161.1993.tb01939.x},
    issn = {0035-9246}
}

@techreport{StockWhatRisk,
    title = {{What spatial statistical model is best for predicting fisheries bycatch risk?}},
    author = {Stock, Brian},
    url = {https://brianstock.github.io/pdf/Stock_bycatch_091117.pdf}
}